@INPROCEEDINGS{Baroni:2014,
  AUTHOR    = "Baroni, Marco and  
	      Dinu, Georgiana and  
	      Kruszewski, Germ\'{a}n",
  TITLE     = "{Don't count, predict! A systematic comparison of 
context-counting vs. context-predicting semantic vectors}",
  BOOKTITLE = "{Proceedings of the 52nd Annual Meeting of the Association for 
Computational Linguistics (Volume 1: Long Papers)}",
  ADDRESS   = "Baltimore, Maryland",
  PUBLISHER = "{Association for Computational Linguistics}",
  PAGES     = "238--247",
  URL       = "http://www.aclweb.org/anthology/P14-1023",
  MONTH     = "June",
  YEAR      = 2014
}

@INPROCEEDINGS{croce-previtali:2010:GEMS,
  AUTHOR    = "Croce, Danilo and  
	      Previtali, Daniele",
  TITLE     = "{Manifold Learning for the Semi-Supervised Induction of FrameNet Predicates: An Empirical Investigation}",
  BOOKTITLE = "{Proceedings of the 2010 Workshop on GEometrical Models of Natural Language Semantics}",
  ADDRESS   = "{Uppsala, Sweden}",
  PUBLISHER = "{Association for Computational Linguistics}",
  PAGES     = "7--16",
  URL       = "http://www.aclweb.org/anthology/W10-2802",
  MONTH     = "July",
  YEAR      = 2010
}

@InProceedings{Darwish:14,
  AUTHOR    = "Darwish, Kareem
	and Abdelali, Ahmed
	and Mubarak, Hamdy",
  TITLE   =   "{Using Stem-Templates to Improve Arabic POS and Gender/Number 
Tagging}",
  BOOKTITLE = "{Proceedings of the Ninth International Conference on Language 
Resources and Evaluation (LREC-2014)}",
  PUBLISHER = "European Language Resources Association (ELRA)",
  LOCATION  = "Reykjavik, Iceland",
  URL       = "http://www.lrec-conf.org/proceedings/lrec2014/pdf/335_Paper.pdf",
  year="2014",
}
  
@ARTICLE{Jaccard:1901,
  AUTHOR    = "Jaccard, Paul",
  TITLE     = "{\'{E}tude comparative de la distribution florale dans une 
portion des Alpes et des Jura}",
  JOURNAL  = "Bulletin del la Soci\'{e}t\'{e} Vaudoise des Sciences Naturelles",
  EDITOR   = "",
  VOLUME   = "37",
  NUMBER   = "",
  PAGES     = "547--579",
  YEAR     = 1901
}

@article{Jones:1972,
 AUTHOR  = "Karen {Sparck Jones}",
 TITLE   = "{A statistical interpretation of term specificity and its 
application in retrieval}",
 JOURNAL = "{Journal of Documentation}",
 VOLUME  = "28",
 PAGES   = "11--21",
 YEAR    = 1972
}

@InProceedings{Marquez-EtAl:2015:SemEval,
  AUTHOR    = "M{\`{a}}rquez, Llu{\'{i}}s and 
	      Glass, James and 
	      Magdy, Walid and 
	      Moschitti, Alessandro and 
	      Nakov, Preslav and 
	      Randeree, Bilal",
  TITLE     = "{SemEval-2015 Task 3: Answer Selection in Community Question 
	      Answering}",
  BOOKTITLE = "{Proceedings of the 9th International Workshop on Semantic 
Evaluation (SemEval 2015)}",
  PUBLISHER = "{Association for Computational Linguistics}",
  YEAR      = 2015
}

@INPROCEEDINGS{Mikolov:2013,
  AUTHOR    = "Mikolov, Tomas  and  Yih, Wen-tau  and  Zweig, Geoffrey",
  TITLE     = "{Linguistic Regularities in Continuous Space Word 
Representations}",
  BOOKTITLE = "{Proceedings of the 2013 Conference of the North American 
Chapter of the Association for Computational Linguistics: Human Language 
Technologies}",
  ADDRESS   = "{Atlanta, GA}",
  PUBLISHER = "{Association for Computational Linguistics}",
  PAGES     = "746--751",
  URL       = "http://www.aclweb.org/anthology/N13-1090",
  MONTH     = "June",
  YEAR      = 2013
}


@INCOLLECTION{Moschitti:2006,
  AUTHOR    = "Moschitti, Alessandro",
  TITLE     = "{Efficient Convolution Kernels for Dependency and Constituent Syntactic 
Trees}",
  BOOKTITLE = "{Machine Learning: ECML 2006}",
  VOLUME    = "4212",
  SERIES    = "{Lecture Notes in Computer Science}",
  EDITOR    = "{FÃ¼rnkranz, Johannes and Scheffer, Tobias and Spiliopoulou, Myra}",
  DOI       = "10.1007/11871842_32",
  URL       = "http://dx.doi.org/10.1007/11871842_32",
  PUBLISHER = "{Springer Berlin Heidelberg}",
  PAGES     = "318--329",
  ISBN      = "978-3-540-45375-8",
  YEAR      = 2006
}


@INPROCEEDINGS{Nallapati:2004,
 AUTHOR    = "Nallapati, Ramesh",
 TITLE     = "{Discriminative Models for Information Retrieval}",
 BOOKTITLE = "{Proceedings of the 27th Annual International ACM SIGIR 
Conference on Research and Development in Information Retrieval}",
 PAGES     = "64--71",
 YEAR      = 2004
}

@InProceedings{Pennington:2014,
  AUTHOR    = "Pennington, Jeffrey
	  and Socher, Richard
	  and Manning, Christopher",
  TITLE     = "Glove: Global Vectors for Word Representation",
  BOOKTITLE = "Proceedings of the 2014 Conference on Empirical Methods in 
Natural Language Processing (EMNLP)",
  PUBLISHER = "Association for Computational Linguistics",
  PAGES     = "1532--1543",
  LOCATION  = "Doha, Qatar",
  URL       = "http://aclweb.org/anthology/D14-1162",
year=2014
}

