@INPROCEEDINGS{Baroni:2014,
  AUTHOR    = "Baroni, Marco and  
	      Dinu, Georgiana and  
	      Kruszewski, Germ\'{a}n",
  TITLE     = "{Don't count, predict! A systematic comparison of 
context-counting vs. context-predicting semantic vectors}",
  series = {ACL '14},
  BOOKTITLE = "{Proceedings of the 52nd Annual Meeting of the Association for 
Computational Linguistics (Volume 1: Long Papers)}",
  ADDRESS   = "Baltimore, MD, USA",
  PAGES     = "238--247",
  URL       = "http://www.aclweb.org/anthology/P14-1023",
  YEAR      = 2014
}

@INPROCEEDINGS{croce-previtali:2010:GEMS,
  AUTHOR    = "Croce, Danilo and  
	      Previtali, Daniele",
  TITLE     = "{Manifold Learning for the Semi-Supervised Induction of FrameNet Predicates: An Empirical Investigation}",
  BOOKTITLE = "{Proceedings of the 2010 Workshop on GEometrical Models of Natural Language Semantics}",
  series   = {GEMS '10},
  ADDRESS   = "{Uppsala, Sweden}",
  PAGES     = "7--16",
  URL       = "http://www.aclweb.org/anthology/W10-2802",
  YEAR      = 2010
}

@InProceedings{Darwish:14,
  AUTHOR    = "Darwish, Kareem
	and Abdelali, Ahmed
	and Mubarak, Hamdy",
  TITLE   =   "{Using Stem-Templates to Improve Arabic POS and Gender/Number 
Tagging}",
  BOOKTITLE = "{Proceedings of the Ninth International Conference on Language 
Resources and Evaluation (LREC-2014)}",
  PUBLISHER = "European Language Resources Association (ELRA)",
  LOCATION  = "Reykjavik, Iceland",
  URL       = "http://www.lrec-conf.org/proceedings/lrec2014/pdf/335_Paper.pdf",
  year="2014",
}
  
@ARTICLE{Jaccard:1901,
  AUTHOR    = "Jaccard, Paul",
  TITLE     = "{\'{E}tude comparative de la distribution florale dans une 
portion des Alpes et des Jura}",
  JOURNAL  = "Bulletin del la Soci\'{e}t\'{e} Vaudoise des Sciences Naturelles",
  EDITOR   = "",
  VOLUME   = "37",
  NUMBER   = "",
  PAGES     = "547--579",
  YEAR     = 1901
}


@INCOLLECTION{Joachims:99,
 AUTHOR    = "Joachims, Thorsten",
 TITLE     = "{Making Large-scale Support Vector Machine Learning Practical}",
 BOOKTITLE = "{Advances in Kernel Methods}",
 EDITOR    = "Sch{\"{o}}lkopf, Bernhard and Burges, Christopher J. C. and 
Smola, Alexander J.",
 ISBN      = "0-262-19416-3",
 PAGES     = "169--184",
 URL       = "http://dl.acm.org/citation.cfm?id=299094.299104",
 ACMID     = "299104",
 PUBLISHER = "{MIT Press}",
 ADDRESS   = "{Cambridge, MA, USA}",
 YEAR      = 1999
} 

@article{Jones:1972,
 AUTHOR  = "Karen {Sparck Jones}",
 TITLE   = "{A statistical interpretation of term specificity and its 
application in retrieval}",
 JOURNAL = "{Journal of Documentation}",
 VOLUME  = "28",
 PAGES   = "11--21",
 YEAR    = 1972
}

@InProceedings{Marquez-EtAl:2015:SemEval,
  AUTHOR    = "M{\`{a}}rquez, Llu{\'{i}}s and 
	      Glass, James and 
	      Magdy, Walid and 
	      Moschitti, Alessandro and 
	      Nakov, Preslav and 
	      Randeree, Bilal",
  TITLE     = "{SemEval-2015 Task 3: Answer Selection in Community Question 
	      Answering}",
  BOOKTITLE = "{Proceedings of the 9th International Workshop on Semantic 
Evaluation}",
  series = {SemEval '15},
  YEAR      = 2015,
  address  = {Denver, CO, USA}
}

@INPROCEEDINGS{Mikolov:2013,
  AUTHOR    = "Mikolov, Tomas  and  Yih, Wen-tau  and  Zweig, Geoffrey",
  TITLE     = "{Linguistic Regularities in Continuous Space Word 
Representations}",
  BOOKTITLE = "{Proceedings of the 2013 Conference of the North American 
Chapter of the Association for Computational Linguistics: Human Language 
Technologies}",
  series    = {NAACL-HLT '13},
  ADDRESS   = "{Atlanta, GA, USA}",
  PAGES     = "746--751",
  URL       = "http://www.aclweb.org/anthology/N13-1090",
  YEAR      = 2013
}


@INPROCEEDINGS{MohammadKZ2013,
  author    = {Mohammad, Saif  and  Kiritchenko, Svetlana  and  Zhu, Xiaodan},
  title     = {{NRC-Canada}: Building the State-of-the-Art in Sentiment Analysis of Tweets},
  booktitle = {Proceedings of the Second Joint Conference on Lexical and Computational Semantics (*SEM), Volume 2: Proceedings of the Seventh International Workshop on Semantic Evaluation},
  series    = {SemEval '13},
  year      = {2013},
  address   = {Atlanta, GA, USA},
  pages     = {321--327},
  url       = {http://www.aclweb.org/anthology/S13-2053}
}


@INCOLLECTION{Moschitti:2006,
  AUTHOR    = "Moschitti, Alessandro",
  TITLE     = "{Efficient Convolution Kernels for Dependency and Constituent Syntactic 
Trees}",
  BOOKTITLE = "{Machine Learning: ECML 2006}",
  VOLUME    = "4212",
  SERIES    = "{Lecture Notes in Computer Science}",
  EDITOR    = {Johannes F\"{u}rnkranz and Tobias Scheffer and Myra Spiliopoulou},
  DOI       = "10.1007/11871842_32",
  URL       = "http://dx.doi.org/10.1007/11871842_32",
  PUBLISHER = "{Springer Berlin Heidelberg}",
  PAGES     = "318--329",
  ISBN      = "978-3-540-45375-8",
  YEAR      = 2006
}


@INPROCEEDINGS{Nallapati:2004,
 author = {Nallapati, Ramesh},
 title = {Discriminative Models for Information Retrieval},
 booktitle = {Proceedings of the 27th Annual International ACM SIGIR Conference on Research and Development in Information Retrieval},
 series = {SIGIR '04},
 year = {2004},
 isbn = {1-58113-881-4},
 address = {Sheffield, United Kingdom},
 pages = {64--71},
 numpages = {8},
 url = {http://doi.acm.org/10.1145/1008992.1009006},
 doi = {10.1145/1008992.1009006},
 acmid = {1009006},
} 


@InProceedings{Pennington:2014,
  AUTHOR    = "Pennington, Jeffrey
	  and Socher, Richard
	  and Manning, Christopher",
  TITLE     = "Glove: Global Vectors for Word Representation",
  BOOKTITLE = "Proceedings of the 2014 Conference on Empirical Methods in 
Natural Language Processing",
  series  = {EMNLP '14},
  PAGES     = "1532--1543",
  address  = "Doha, Qatar",
  URL       = "http://aclweb.org/anthology/D14-1162",
year=2014
}

@inproceedings{Wise:1996,
 author = {Wise, Michael},
 title = {YAP3: Improved Detection of Similarities in Computer Program and Other Texts},
 booktitle = {Proceedings of the Twenty-seventh SIGCSE Technical Symposium on Computer Science Education},
 series = {SIGCSE '96},
 year = {1996},
 isbn = {0-89791-757-X},
 location = {Philadelphia, Pennsylvania, USA},
 pages = {130--134},
 numpages = {5},
 url = {http://doi.acm.org/10.1145/236452.236525},
 doi = {10.1145/236452.236525},
 acmid = {236525},
 address = {New York, NY, USA},
} 

@article{Allison:1986,
 author = {Allison, Lloyd and Dix, Trevor},
 title = {A Bit-string Longest-common-subsequence Algorithm},
 journal = {Inf. Process. Lett.},
 issue_date = {Dec. 3, 1986},
 volume = {23},
 number = {6},
 month = dec,
 year = {1986},
 issn = {0020-0190},
 pages = {305--310},
 numpages = {6},
 url = {http://dl.acm.org/citation.cfm?id=8871.8877},
 acmid = {8877},
 publisher = {Elsevier North-Holland, Inc.},
 address = {Amsterdam, The Netherlands, The Netherlands},
}

@INPROCEEDINGS{Lyon:2001,
    author = {Caroline Lyon and James Malcolm and Bob Dickerson},
    title = {Detecting short passages of similar text in large document collections},
    booktitle = {Proceedings of the 2001 Conference on Empirical Methods in Natural Language Processing},
    series = {EMNLP '01},
    year = {2001},
    pages = {118--125},
    address = {Pittsburgh, PA, USA}
}

